@inbook{Cerde_o_2010,
   title={Direct detection of WIMPs},
   url={http://dx.doi.org/10.1017/CBO9780511770739.018},
   DOI={10.1017/cbo9780511770739.018},
   booktitle={Particle Dark Matter},
   publisher={Cambridge University Press},
   author={Cerdeño, D. G. and Green, A. M.},
   year={2010},
   month=jan, pages={347–369} }

@article{Belyaev:2019irt,
    author = "Belyaev, Alexander",
    editor = "Anagnostopoulos, Konstantinos and others",
    title = "{Decoding the nature of dark matter}",
    doi = "10.22323/1.347.0061",
    journal = "PoS",
    volume = "CORFU2018",
    pages = "061",
    year = "2019"
}

@article{Belyaev:2016lok,
    author = "Belyaev, Alexander and Cacciapaglia, Giacomo and Ivanov, Igor P. and Rojas-Abatte, Felipe and Thomas, Marc",
    title = "{Anatomy of the Inert Two Higgs Doublet Model in the light of the LHC and non-LHC Dark Matter Searches}",
    eprint = "1612.00511",
    archivePrefix = "arXiv",
    primaryClass = "hep-ph",
    doi = "10.1103/PhysRevD.97.035011",
    journal = "Phys. Rev. D",
    volume = "97",
    number = "3",
    pages = "035011",
    year = "2018"
}

@article{BRANCO20121,
title = {Theory and phenomenology of two-Higgs-doublet models},
journal = {Physics Reports},
volume = {516},
number = {1},
pages = {1-102},
year = {2012},
note = {Theory and phenomenology of two-Higgs-doublet models},
issn = {0370-1573},
doi = {https://doi.org/10.1016/j.physrep.2012.02.002},
url = {https://www.sciencedirect.com/science/article/pii/S0370157312000695},
author = {G.C. Branco and P.M. Ferreira and L. Lavoura and M.N. Rebelo and Marc Sher and João P. Silva}
}

@article{Bertone_2018,
   title={History of dark matter},
   volume={90},
   ISSN={1539-0756},
   url={http://dx.doi.org/10.1103/RevModPhys.90.045002},
   DOI={10.1103/revmodphys.90.045002},
   number={4},
   journal={Reviews of Modern Physics},
   publisher={American Physical Society (APS)},
   author={Bertone, Gianfranco and Hooper, Dan},
   year={2018},
   month={oct} 
}

@article{Deshpande:1977rw,
    author = "Deshpande, Nilendra G. and Ma, Ernest",
    title = "{Pattern of Symmetry Breaking with Two Higgs Doublets}",
    reportNumber = "OITS-81",
    doi = "10.1103/PhysRevD.18.2574",
    journal = "Phys. Rev. D",
    volume = "18",
    pages = "2574",
    year = "1978"
}

@article{Ma:2006km,
    author = "Ma, Ernest",
    title = "{Verifiable radiative seesaw mechanism of neutrino mass and dark matter}",
    eprint = "hep-ph/0601225",
    archivePrefix = "arXiv",
    reportNumber = "UCRHEP-T403",
    doi = "10.1103/PhysRevD.73.077301",
    journal = "Phys. Rev. D",
    volume = "73",
    pages = "077301",
    year = "2006"
}

@article{Barbieri:2006dq,
    author = "Barbieri, Riccardo and Hall, Lawrence J. and Rychkov, Vyacheslav S.",
    title = "{Improved naturalness with a heavy Higgs: An Alternative road to LHC physics}",
    eprint = "hep-ph/0603188",
    archivePrefix = "arXiv",
    reportNumber = "UCB-PTH-06-04, LBNL-59894",
    doi = "10.1103/PhysRevD.74.015007",
    journal = "Phys. Rev. D",
    volume = "74",
    pages = "015007",
    year = "2006"
}

@article{LopezHonorez:2006gr,
    author = "Lopez Honorez, Laura and Nezri, Emmanuel and Oliver, Josep F. and Tytgat, Michel H. G.",
    title = "{The Inert Doublet Model: An Archetype for Dark Matter}",
    eprint = "hep-ph/0612275",
    archivePrefix = "arXiv",
    reportNumber = "ULB-TH-06-27",
    doi = "10.1088/1475-7516/2007/02/028",
    journal = "JCAP",
    volume = "02",
    pages = "028",
    year = "2007"
}

@article{lyre2008does,
  title={Does the Higgs mechanism exist?},
  author={Lyre, Holger},
  journal={International Studies in the Philosophy of Science},
  volume={22},
  number={2},
  pages={119--133},
  year={2008},
  publisher={Taylor \& Francis}
}

@article{Belyaev_2022,
   title={Multilepton signatures from dark matter at the LHC},
   volume={2022},
   ISSN={1029-8479},
   url={http://dx.doi.org/10.1007/JHEP09(2022)173},
   DOI={10.1007/jhep09(2022)173},
   number={9},
   journal={Journal of High Energy Physics},
   publisher={Springer Science and Business Media LLC},
   author={Belyaev, Alexander and Blumenschein, Ulla and Freegard, Arran and Moretti, Stefano and Sengupta, Dipan},
   year={2022},
   month=sep }

@article{Planck:2018vyg,
    author = "Aghanim, N. and others",
    collaboration = "Planck",
    title = "{Planck 2018 results. VI. Cosmological parameters}",
    eprint = "1807.06209",
    archivePrefix = "arXiv",
    primaryClass = "astro-ph.CO",
    doi = "10.1051/0004-6361/201833910",
    journal = "Astron. Astrophys.",
    volume = "641",
    pages = "A6",
    year = "2020",
    note = "[Erratum: Astron.Astrophys. 652, C4 (2021)]"
}