@article{test2002,
author = {Linus Ong},
yeat = {2002},
}